%% This BibTeX bibliography file was created using BibDesk.
%% http://bibdesk.sourceforge.net/


%% Created for Lauro Cesar Araujo at 2013-04-05 08:03:49 -0300 


%% Saved with string encoding Unicode (UTF-8) 


@Book{silva:12,
  author = 	 {Fernando Silva},
  title = 	 {Introdução á Complexidade de Algoritmos},
  publisher = 	 {USP},
  year = 	 {2012}
}

@Book{goodrich:02,
  author = 	 {Michael Goodrich},
  title = 	 {Simplified Analyses of Randomized Algorithms},
  publisher = 	 {Stamford},
  year = 	 {2002}
}

@Book{feofiloff:03,
  author = 	 {Feoliloff },
  title = 	 {Análise de Algoritmos},
  publisher = 	 {IME-USP},
  year = 	 {2003}
}

@Book{heineman:16,
  author = 	 {George T Heineman},
  title = 	 {Algorithms in a Nutshell},
  publisher = 	 {O'Relly},
  year = 	 {2016}
}

@Book{bentley:84,
  author = 	 {Jon  Bentley},
  title = 	 {Programming pearls: algorithm design techniques},
  publisher = 	 {Communications of ACM},
  year = 	 {1984}
}

@Book{python:17,
  author = 	 {Python},
  title = 	 {Python Documentation},
  year = 	 {2017}
}

@Book{c:17,
  author = 	 {C},
  title = 	 {C Documentation},
  year = 	 {2017}
}

@Book{ruby:17,
  author = 	 {Ruby},
  title = 	 {Ruby Documentation},
  year = 	 {2017}
}

@Book{java:17,
  author = 	 {Java},
  title = 	 {Java Documentation},
  year = 	 {2017}
}


